@article{ChengPAMI,
  author = {Ming-Ming Cheng and Niloy J. Mitra and Xiaolei Huang and Philip H. S. Torr and Shi-Min Hu},
  title = {Global Contrast based Salient Region Detection},
  year  = {2015},
  journal= {IEEE TPAMI},
  volume={37}, 
  number={3}, 
  pages={569--582}, 
  doi = {10.1109/TPAMI.2014.2345401},
}

@inproceedings{rother2004grabcut,
  title={Grabcut: Interactive foreground extraction using iterated graph cuts},
  author={Rother, Carsten and Kolmogorov, Vladimir and Blake, Andrew},
  booktitle={ACM transactions on graphics (TOG)},
  volume={23},
  number={3},
  pages={309--314},
  year={2004},
  organization={ACM}
}

@inproceedings{wang2008two,
  title={A two-stage approach to saliency detection in images},
  author={Wang, Zheshen and Li, Baoxin},
  booktitle={Acoustics, Speech and Signal Processing, 2008. ICASSP 2008. IEEE International Conference on},
  pages={965--968},
  year={2008},
  organization={IEEE}
}

@conference{13iccv/Cheng_Saliency,ng,
  title={Efficient Salient Region Detection with Soft Image Abstraction},
  author={Ming-Ming Cheng and Jonathan Warrell and Wen-Yan Lin and Shuai Zheng and Vibhav Vineet and Nigel Crook},
  booktitle={IEEE ICCV},
  pages={1529--1536},
  year={2013},
}


@article{SalObjSurvey,
  author = {Ali Borji and Ming-Ming Cheng and Huaizu Jiang and Jia Li},
  title = {Salient Object Detection: A Survey},
  journal = {ArXiv e-prints},
  archivePrefix = {arXiv},
  eprint = {arXiv:1411.5878},
  year = {2014},
}


@article{SalObjBenchmark,
  author = {Ali Borji and Ming-Ming Cheng and Huaizu Jiang and Jia Li},
  title = {Salient Object Detection: A Benchmark},
  journal = {IEEE TIP},
  year={2015},
  volume={24},
  number={12},
  pages={5706-5722},
  doi={10.1109/TIP.2015.2487833}, 
}






@inproceedings{masudsir2016,
  title={Boundary Aware Regional Contrast Based Visual Saliency Detection},
  author={Sk. Md. Masudul Ahsan and Joo Kooi Tan and Hyoungseop Kim and Seiji Ishikawa},
  booktitle={The Twenty-First International Symposium on Artificial Life and Robotics 2016 (AROB 21st 2016),The First International Symposium on BioComplexity 2016 (ISBC 1st 2016),B-Con Plaza, Beppu, Japan, January 20-22, 2016},
  year={2016},
  organization={IEEE}
}
@inproceedings{jiang2013salient,
  title={Salient object detection: A discriminative regional feature integration approach},
  author={Jiang, Huaizu and Wang, Jingdong and Yuan, Zejian and Wu, Yang and Zheng, Nanning and Li, Shipeng},
  booktitle={Computer Vision and Pattern Recognition (CVPR), 2013 IEEE Conference on},
  pages={2083--2090},
  year={2013},
  organization={IEEE}
}
@inproceedings{hou2017deeply,
  title={Deeply supervised salient object detection with short connections},
  author={Hou, Qibin and Cheng, Ming-Ming and Hu, Xiaowei and Borji, Ali and Tu, Zhuowen and Torr, Philip},
  booktitle={Computer Vision and Pattern Recognition (CVPR), 2017 IEEE Conference on},
  pages={5300--5309},
  year={2017},
  organization={IEEE}
}
@article{borji2014salient,
  title={Salient object detection: A survey},
  author={Borji, Ali and Cheng, Ming-Ming and Hou, Qibin and Jiang, Huaizu and Li, Jia},
  journal={arXiv preprint arXiv:1411.5878},
  year={2014}
}
@inproceedings{achanta2009frequency,
  title={Frequency-tuned salient region detection},
  author={Achanta, Radhakrishna and Hemami, Sheila and Estrada, Francisco and Susstrunk, Sabine},
  booktitle={Computer vision and pattern recognition, 2009. cvpr 2009. ieee conference on},
  pages={1597--1604},
  year={2009},
  organization={IEEE}
}

@article{han2006unsupervised,
  title={Unsupervised extraction of visual attention objects in color images},
  author={Han, Junwei and Ngan, King Ngi and Li, Mingjing and Zhang, Hong-Jiang},
  journal={IEEE Transactions on Circuits and Systems for Video Technology},
  volume={16},
  number={1},
  pages={141--145},
  year={2006},
  publisher={IEEE}
}
@article{ko2006object,
  title={Object-of-interest image segmentation based on human attention and semantic region clustering},
  author={Ko, Byoung Chul and Nam, Jae-Yeal},
  journal={JOSA A},
  volume={23},
  number={10},
  pages={2462--2470},
  year={2006},
  publisher={Optical Society of America}
}
@inproceedings{ren2014salient,
  title={Salient object detection based on global contrast on texture and color},
  author={Ren, Yan-Fei and Mu, Zhi-Chun},
  booktitle={Machine Learning and Cybernetics (ICMLC), 2014 International Conference on},
  volume={1},
  pages={7--12},
  year={2014},
  organization={IEEE}
}
@article{ren2014region,
  title={Region-based saliency detection and its application in object recognition},
  author={Ren, Zhixiang and Gao, Shenghua and Chia, Liang-Tien and Tsang, Ivor Wai-Hung},
  journal={IEEE Transactions on Circuits and Systems for Video Technology},
  volume={24},
  number={5},
  pages={769--779},
  year={2014},
  publisher={IEEE}
}


@inproceedings{ma2003contrast,
  title={Contrast-based image attention analysis by using fuzzy growing},
  author={Ma, Yu-Fei and Zhang, Hong-Jiang},
  booktitle={Proceedings of the eleventh ACM international conference on Multimedia},
  pages={374--381},
  year={2003},
  organization={ACM}
}
@inproceedings{setlur2005automatic,
  title={Automatic image retargeting},
  author={Setlur, Vidya and Takagi, Saeko and Raskar, Ramesh and Gleicher, Michael and Gooch, Bruce},
  booktitle={Proceedings of the 4th international conference on Mobile and ubiquitous multimedia},
  pages={59--68},
  year={2005},
  organization={ACM}
}
@article{christopoulos2000jpeg2000,
  title={The JPEG2000 still image coding system: an overview},
  author={Christopoulos, Charilaos and Skodras, Athanassios and Ebrahimi, Touradj},
  journal={IEEE transactions on consumer electronics},
  volume={46},
  number={4},
  pages={1103--1127},
  year={2000},
  publisher={IEEE}
}
@inproceedings{avidan2007seam,
  title={Seam carving for content-aware image resizing},
  author={Avidan, Shai and Shamir, Ariel},
  booktitle={ACM Transactions on graphics (TOG)},
  volume={26},
  number={3},
  pages={10},
  year={2007},
  organization={ACM}
}
@article{itti1998model,
  title={A model of saliency-based visual attention for rapid scene analysis},
  author={Itti, Laurent and Koch, Christof and Niebur, Ernst},
  journal={IEEE Transactions on pattern analysis and machine intelligence},
  volume={20},
  number={11},
  pages={1254--1259},
  year={1998},
  publisher={IEEE}
}
@inproceedings{harel2007graph,
  title={Graph-based visual saliency},
  author={Harel, Jonathan and Koch, Christof and Perona, Pietro},
  booktitle={Advances in neural information processing systems},
  pages={545--552},
  year={2007}
}
@article{liu2011learning,
  title={Learning to detect a salient object},
  author={Liu, Tie and Yuan, Zejian and Sun, Jian and Wang, Jingdong and Zheng, Nanning and Tang, Xiaoou and Shum, Heung-Yeung},
  journal={IEEE Transactions on Pattern analysis and machine intelligence},
  volume={33},
  number={2},
  pages={353--367},
  year={2011},
  publisher={IEEE}
}
@article{cheng2015global,
  title={Global contrast based salient region detection},
  author={Cheng, Ming-Ming and Mitra, Niloy J and Huang, Xiaolei and Torr, Philip HS and Hu, Shi-Min},
  journal={IEEE Transactions on Pattern Analysis and Machine Intelligence},
  volume={37},
  number={3},
  pages={569--582},
  year={2015},
  publisher={IEEE}
}
@inproceedings{fu2012salient,
  title={Salient object detection via color contrast and color distribution},
  author={Fu, Keren and Gong, Chen and Yang, Jie and Zhou, Yue},
  booktitle={Asian Conference on Computer Vision},
  pages={111--122},
  year={2012},
  organization={Springer}
}
@inproceedings{zhai2006visual,
  title={Visual attention detection in video sequences using spatiotemporal cues},
  author={Zhai, Yun and Shah, Mubarak},
  booktitle={Proceedings of the 14th ACM international conference on Multimedia},
  pages={815--824},
  year={2006},
  organization={ACM}
}
@article{goferman2012context,
  title={Context-aware saliency detection},
  author={Goferman, Stas and Zelnik-Manor, Lihi and Tal, Ayellet},
  journal={IEEE transactions on pattern analysis and machine intelligence},
  volume={34},
  number={10},
  pages={1915--1926},
  year={2012},
  publisher={IEEE}
}
@inproceedings{jiang2011automatic,
  title={Automatic salient object segmentation based on context and shape prior.},
  author={Jiang, Huaizu and Wang, Jingdong and Yuan, Zejian and Liu, Tie and Zheng, Nanning and Li, Shipeng},
  booktitle={BMVC},
  volume={6},
  number={7},
  pages={9},
  year={2011}
}
@inproceedings{wei2012geodesic,
  title={Geodesic saliency using background priors},
  author={Wei, Yichen and Wen, Fang and Zhu, Wangjiang and Sun, Jian},
  booktitle={European conference on computer vision},
  pages={29--42},
  year={2012},
  organization={Springer}
}
@article{achanta2012slic,
  title={SLIC superpixels compared to state-of-the-art superpixel methods},
  author={Achanta, Radhakrishna and Shaji, Appu and Smith, Kevin and Lucchi, Aurelien and Fua, Pascal and S{\"u}sstrunk, Sabine},
  journal={IEEE transactions on pattern analysis and machine intelligence},
  volume={34},
  number={11},
  pages={2274--2282},
  year={2012},
  publisher={IEEE}
}
@book{koffka2013principles,
  title={Principles of Gestalt psychology},
  author={Koffka, Kurt},
  volume={44},
  year={2013},
  publisher={Routledge}
}
@article{bruce2009saliency,
  title={Saliency, attention, and visual search: An information theoretic approach},
  author={Bruce, Neil DB and Tsotsos, John K},
  journal={Journal of vision},
  volume={9},
  number={3},
  pages={5--5},
  year={2009},
  publisher={The Association for Research in Vision and Ophthalmology}
}
@inproceedings{achanta2010saliency,
  title={Saliency detection using maximum symmetric surround},
  author={Achanta, Radhakrishna and S{\"u}sstrunk, Sabine},
  booktitle={Image processing (ICIP), 2010 17th IEEE international conference on},
  pages={2653--2656},
  year={2010},
  organization={IEEE}
}
@inproceedings{duan2011visual,
  title={Visual saliency detection by spatially weighted dissimilarity},
  author={Duan, Lijuan and Wu, Chunpeng and Miao, Jun and Qing, Laiyun and Fu, Yu},
  booktitle={Computer Vision and Pattern Recognition (CVPR), 2011 IEEE Conference on},
  pages={473--480},
  year={2011},
  organization={IEEE}
}
@article{hou2012image,
  title={Image signature: Highlighting sparse salient regions},
  author={Hou, Xiaodi and Harel, Jonathan and Koch, Christof},
  journal={IEEE transactions on pattern analysis and machine intelligence},
  volume={34},
  number={1},
  pages={194--201},
  year={2012},
  publisher={IEEE}
}
@article{guo2010novel,
  title={A novel multiresolution spatiotemporal saliency detection model and its applications in image and video compression},
  author={Guo, Chenlei and Zhang, Liming},
  journal={IEEE transactions on image processing},
  volume={19},
  number={1},
  pages={185--198},
  year={2010},
  publisher={IEEE}
}

@article{imamoglu2013saliency,
  title={A saliency detection model using low-level features based on wavelet transform},
  author={Imamoglu, Nevrez and Lin, Weisi and Fang, Yuming},
  journal={IEEE transactions on multimedia},
  volume={15},
  number={1},
  pages={96--105},
  year={2013},
  publisher={IEEE}
}
@article{peng2017hybrid,
  title={A hybrid of local and global saliencies for detecting image salient region and appearance},
  author={Peng, Qinmu and Cheung, Yiu-ming and You, Xinge and Tang, Yuan Yan},
  journal={IEEE Transactions on Systems, Man, and Cybernetics: Systems},
  volume={47},
  number={1},
  pages={86--97},
  year={2017},
  publisher={IEEE}
}

@inproceedings{ren2014salient,
  title={Salient object detection based on global contrast on texture and color},
  author={Ren, Yan-Fei and Mu, Zhi-Chun},
  booktitle={Machine Learning and Cybernetics (ICMLC), 2014 International Conference on},
  volume={1},
  pages={7--12},
  year={2014},
  organization={IEEE}
}

@inproceedings{zhu2014saliency,
  title={Saliency optimization from robust background detection},
  author={Zhu, Wangjiang and Liang, Shuang and Wei, Yichen and Sun, Jian},
  booktitle={Proceedings of the IEEE conference on computer vision and pattern recognition},
  pages={2814--2821},
  year={2014}
}

@article{sidibe2016visual,
  title={Visual saliency detection in colour images based on density estimation},
  author={Sidib{\'e}, D{\'e}sir{\'e} and M{\'e}riaudeau, F},
  journal={Electronics Letters},
  volume={53},
  number={1},
  pages={24--25},
  year={2016},
  publisher={IET}
}

@article{liu2014superpixel,
  title={Superpixel-based spatiotemporal saliency detection},
  author={Liu, Zhi and Zhang, Xiang and Luo, Shuhua and Le Meur, Olivier},
  journal={IEEE transactions on circuits and systems for video technology},
  volume={24},
  number={9},
  pages={1522--1540},
  year={2014},
  publisher={IEEE}
}

@article{dong2016human,
  title={Human visual system-based saliency detection for high dynamic range content},
  author={Dong, Yuanyuan and Pourazad, Mahsa T and Nasiopoulos, Panos},
  journal={IEEE Transactions on Multimedia},
  volume={18},
  number={4},
  pages={549--562},
  year={2016},
  publisher={IEEE}
}
@article{zhang2016unified,
  title={Unified saliency detection model using color and texture features},
  author={Zhang, Libo and Yang, Lin and Luo, Tiejian},
  journal={PloS one},
  volume={11},
  number={2},
  pages={e0149328},
  year={2016},
  publisher={Public Library of Science}
}

@article{kim2011spatiotemporal,
  title={Spatiotemporal saliency detection and its applications in static and dynamic scenes},
  author={Kim, Wonjun and Jung, Chanho and Kim, Changick},
  journal={IEEE Transactions on Circuits and Systems for Video Technology},
  volume={21},
  number={4},
  pages={446--456},
  year={2011},
  publisher={IEEE}
}


@article{mangun1995neural,
  title={Neural mechanisms of visual selective attention},
  author={Mangun, George R},
  journal={Psychophysiology},
  volume={32},
  number={1},
  pages={4--18},
  year={1995},
  publisher={Wiley Online Library}
}
@article{borji2015salient,
  title={Salient object detection: A benchmark},
  author={Borji, Ali and Cheng, Ming-Ming and Jiang, Huaizu and Li, Jia},
  journal={IEEE Transactions on Image Processing},
  volume={24},
  number={12},
  pages={5706--5722},
  year={2015},
  publisher={IEEE}
}
@article{ren2014region,
  title={Region-based saliency detection and its application in object recognition},
  author={Ren, Zhixiang and Gao, Shenghua and Chia, Liang-Tien and Tsang, Ivor Wai-Hung},
  journal={IEEE Transactions on Circuits and Systems for Video Technology},
  volume={24},
  number={5},
  pages={769--779},
  year={2014},
  publisher={IEEE}
}
@article{guo2010novel,
  title={A novel multiresolution spatiotemporal saliency detection model and its applications in image and video compression},
  author={Guo, Chenlei and Zhang, Liming},
  journal={IEEE transactions on image processing},
  volume={19},
  number={1},
  pages={185--198},
  year={2010},
  publisher={IEEE}
}
@inproceedings{huang2011arcimboldo,
  title={Arcimboldo-like collage using internet images},
  author={Huang, Hua and Zhang, Lei and Zhang, Hong-Chao},
  booktitle={ACM transactions on graphics (TOG)},
  volume={30},
  number={6},
  pages={155},
  year={2011},
  organization={ACM}
}
@inproceedings{li2013color,
  title={Color image quality assessment combining saliency and fsim},
  author={Li, Ang and She, Xiaochun and Sun, Qizhi},
  booktitle={Fifth International Conference on Digital Image Processing (ICDIP 2013)},
  volume={8878},
  pages={88780I},
  year={2013},
  organization={International Society for Optics and Photonics}
}
@article{qin2014integration,
  title={Integration of the saliency-based seed extraction and random walks for image segmentation},
  author={Qin, Chanchan and Zhang, Guoping and Zhou, Yicong and Tao, Wenbing and Cao, Zhiguo},
  journal={Neurocomputing},
  volume={129},
  pages={378--391},
  year={2014},
  publisher={Elsevier}
}
@article{feng2010attention,
  title={Attention-driven salient edge (s) and region (s) extraction with application to CBIR},
  author={Feng, Songhe and Xu, De and Yang, Xu},
  journal={Signal Processing},
  volume={90},
  number={1},
  pages={1--15},
  year={2010},
  publisher={Elsevier}
}
@article{achanta2012slic,
  title={SLIC superpixels compared to state-of-the-art superpixel methods},
  author={Achanta, Radhakrishna and Shaji, Appu and Smith, Kevin and Lucchi, Aurelien and Fua, Pascal and S{\"u}sstrunk, Sabine},
  journal={IEEE transactions on pattern analysis and machine intelligence},
  volume={34},
  number={11},
  pages={2274--2282},
  year={2012},
  publisher={IEEE}
}
@article{borji2015salient,
  title={Salient object detection: A benchmark},
  author={Borji, Ali and Cheng, Ming-Ming and Jiang, Huaizu and Li, Jia},
  journal={IEEE Transactions on Image Processing},
  volume={24},
  number={12},
  pages={5706--5722},
  year={2015},
  publisher={IEEE}
}
@misc{bylinskii2015saliency,
  title={Mit saliency benchmark},
  author={Bylinskii, Zoya and Judd, Tilke and Borji, Ali and Itti, Laurent and Durand, Fr{\'e}do and Oliva, Aude and Torralba, Antonio},
  year={2015}
}
@inproceedings{kanan2010robust,
  title={Robust classification of objects, faces, and flowers using natural image statistics},
  author={Kanan, Christopher and Cottrell, Garrison},
  booktitle={Computer Vision and Pattern Recognition (CVPR), 2010 IEEE Conference on},
  pages={2472--2479},
  year={2010},
  organization={IEEE}
}

@article{qi2015saliencyrank,
  title={SaliencyRank: Two-stage manifold ranking for salient object detection},
  author={Qi, Wei and Cheng, Ming-Ming and Borji, Ali and Lu, Huchuan and Bai, Lian-Fa},
  journal={Computational Visual Media},
  volume={1},
  number={4},
  pages={309--320},
  year={2015},
  publisher={Springer}
}
@inproceedings{feng2016local,
  title={Local background enclosure for RGB-D salient object detection},
  author={Feng, David and Barnes, Nick and You, Shaodi and McCarthy, Chris},
  booktitle={Computer Vision and Pattern Recognition (CVPR), 2016 IEEE Conference on},
  pages={2343--2350},
  year={2016},
  organization={IEEE}
}
@article{frintrop2008attentional,
  title={Attentional landmarks and active gaze control for visual SLAM},
  author={Frintrop, Simone and Jensfelt, Patric},
  journal={IEEE Transactions on Robotics},
  volume={24},
  number={5},
  pages={1054--1065},
  year={2008},
  publisher={IEEE}
}